@article{CeperleyAlderPRL1980,
	Author = {Ceperley, D. M. and Alder, B. J.},
	Issue = {7},
	Journal = {Physical Review Letters},
	Month = {Aug},
	Pages = {566--569},
	Publisher = {American Physical Society},
	Title = {Ground State of the Electron Gas by a Stochastic Method},
	Volume = {45},
	Year = {1980},
	url = {http://dx.doi.org/10.1103/PhysRevLett.45.566}
}
